<record><leader>00000cas a22000007a 4500</leader><controlfield tag="001">23373727</controlfield><controlfield tag="008">910404d19441956mnuer ne      0    0eng d</controlfield><datafield ind1=" " ind2=" " tag="010"><subfield code="a">sn 90060137 </subfield></datafield><datafield ind1=" " ind2=" " tag="040"><subfield code="a">MN#</subfield><subfield code="b">eng</subfield><subfield code="c">MN#</subfield><subfield code="d">OCL</subfield><subfield code="d">OCLCF</subfield><subfield code="d">OCLCO</subfield></datafield><datafield ind1=" " ind2=" " tag="019"><subfield code="a">22580016</subfield><subfield code="a">22580061</subfield></datafield><datafield ind1="1" ind2=" " tag="029"><subfield code="a">AU@</subfield><subfield code="b">000025903499</subfield></datafield><datafield ind1=" " ind2=" " tag="042"><subfield code="a">msc</subfield></datafield><datafield ind1=" " ind2=" " tag="043"><subfield code="a">n-us-mn</subfield></datafield><datafield ind1=" " ind2=" " tag="052"><subfield code="a">4144</subfield><subfield code="b">M5</subfield></datafield><datafield ind1="0" ind2=" " tag="130"><subfield code="a">Minnesota labor (Minneapolis, Minn.)</subfield></datafield><datafield ind1="0" ind2="0" tag="245"><subfield code="a">Minnesota labor.</subfield></datafield><datafield ind1="0" ind2="0" tag="246"><subfield code="a">Minnesota CIO labor</subfield></datafield><datafield ind1="0" ind2="0" tag="246"><subfield code="a">Minnesota labor CIO</subfield></datafield><datafield ind1=" " ind2=" " tag="260"><subfield code="a">Minneapolis, Minn. :</subfield><subfield code="b">Minnesota State CIO Council,</subfield><subfield code="c">1944-1956.</subfield></datafield><datafield ind1=" " ind2=" " tag="300"><subfield code="a">v.</subfield></datafield><datafield ind1=" " ind2=" " tag="310"><subfield code="a">Biweekly,</subfield><subfield code="b">Sept. 28, 1951-Nov. 2, 1956</subfield></datafield><datafield ind1=" " ind2=" " tag="321"><subfield code="a">Weekly,</subfield><subfield code="b">Feb. 18, 1944-Sept. 14, 1951</subfield></datafield><datafield ind1="0" ind2=" " tag="362"><subfield code="a">Vol. 8, no. 2 (Feb. 18, 1944)-v. 13, no. 18 (Sept. 29, 1950); v. 8, no. 19 (Oct. 13, 1950)-v. 13, no. 6 (Mar. 23, 1956); v. 8, no. 7 (Apr. 6, 1956)-v. 8, no. 21 (Nov. 2, 1956).</subfield></datafield><datafield ind1=" " ind2=" " tag="500"><subfield code="a">"CIO" appears on bannerhead at various locations Jan. 24, 1947-Nov. 2, 1956.</subfield></datafield><datafield ind1=" " ind2=" " tag="515"><subfield code="a">Numbering irregular.</subfield></datafield><datafield ind1=" " ind2=" " tag="530"><subfield code="a">Available on microfilm from the Minnesota Historical Society.</subfield></datafield><datafield ind1=" " ind2=" " tag="550"><subfield code="a">Official organ of Minnesota State CIO Council.</subfield></datafield><datafield ind1="2" ind2="0" tag="610"><subfield code="a">Minnesota State CIO Council</subfield><subfield code="v">Periodicals.</subfield></datafield><datafield ind1=" " ind2="0" tag="650"><subfield code="a">Labor unions</subfield><subfield code="z">Minnesota</subfield><subfield code="v">Periodicals.</subfield></datafield><datafield ind1=" " ind2="7" tag="655"><subfield code="a">Periodicals.</subfield><subfield code="2">fast</subfield><subfield code="0">(OCoLC)fst01411641</subfield></datafield><datafield ind1="2" ind2="7" tag="610"><subfield code="a">Minnesota State CIO Council.</subfield><subfield code="2">fast</subfield><subfield code="0">(OCoLC)fst00577168</subfield></datafield><datafield ind1=" " ind2="7" tag="650"><subfield code="a">Labor unions.</subfield><subfield code="2">fast</subfield><subfield code="0">(OCoLC)fst00990260</subfield></datafield><datafield ind1=" " ind2="7" tag="651"><subfield code="a">Minnesota.</subfield><subfield code="2">fast</subfield><subfield code="0">(OCoLC)fst01204560</subfield></datafield><datafield ind1="2" ind2=" " tag="710"><subfield code="a">Minnesota State CIO Council.</subfield></datafield><datafield ind1="0" ind2="0" tag="780"><subfield code="t">Midwest labor</subfield><subfield code="w">(DLC)sn 89081147</subfield></datafield></record>